<?xml version="1.0" encoding="UTF-8"?><collection xmlns="http://www.loc.gov/MARC21/slim"><record><leader>00602nam--2200217-u-4500</leader><controlfield tag="001">000053075</controlfield><controlfield tag="002">20161230</controlfield><controlfield tag="005">20161230201050</controlfield><controlfield tag="008">110105s1000------------r-----000-0-eng-d</controlfield><datafield ind1=" " ind2=" " tag="020"><subfield code="a">3540418296</subfield></datafield><datafield ind1=" " ind2=" " tag="040"><subfield code="a">IFIN-HH</subfield></datafield><datafield ind1=" " ind2=" " tag="080"><subfield code="a">535:(53.06:001.2)</subfield></datafield><datafield ind1="1" ind2=" " tag="100"><subfield code="a">Kawata, Satoshi</subfield></datafield><datafield ind1="1" ind2="0" tag="245"><subfield code="a">Nano-optics</subfield><subfield code="c">SATOSHI KAWATA; MOTOICHI OHTSU; MASAHIRO IRIE (Eds.)</subfield></datafield><datafield ind1=" " ind2=" " tag="260"><subfield code="a">HEIDELBERG</subfield><subfield code="b">Springer</subfield><subfield code="c">2002</subfield></datafield><datafield ind1=" " ind2=" " tag="300"><subfield code="a">321P</subfield></datafield><datafield ind1=" " ind2=" " tag="490"><subfield code="a">Springer Series In Optical Sciences</subfield></datafield><datafield ind1=" " ind2="4" tag="650"><subfield code="a">Photonics Materials</subfield></datafield><datafield ind1="1" ind2=" " tag="700"><subfield code="a">Irie, Masahiro</subfield><subfield code="e">Ed</subfield></datafield><datafield ind1=" " ind2=" " tag="852"><subfield code="a">82224</subfield><subfield code="c">001.2</subfield></datafield><datafield ind1=" " ind2=" " tag="CAT"><subfield code="a">Sys</subfield><subfield code="c">20110105</subfield><subfield code="h">092417</subfield></datafield></record></collection>